@inproceedings{kademila,
  author = {Maymounkov, Petar and Mazi\`{e}res, David},
  title = {Kademlia: A Peer-to-Peer Information System Based on the XOR Metric},
  booktitle = {Revised Papers from the First International Workshop on Peer-to-Peer Systems},
  series = {IPTPS '01},
  year = {2002},
  isbn = {3-540-44179-4},
  pages = {53--65},
  numpages = {13},
  url = {http://dl.acm.org/citation.cfm?id=646334.687801},
  acmid = {687801},
  publisher = {Springer-Verlag},
  address = {London, UK, UK},
} 
